%YAML 1.1
%TAG !u! tag:unity3d.com,2011:
--- !u!29 &1
OcclusionCullingSettings:
  m_ObjectHideFlags: 0
  serializedVersion: 2
  m_OcclusionBakeSettings:
    smallestOccluder: 5
    smallestHole: 0.25
    backfaceThreshold: 100
  m_SceneGUID: 00000000000000000000000000000000
  m_OcclusionCullingData: {fileID: 0}
--- !u!104 &2
RenderSettings:
  m_ObjectHideFlags: 0
  serializedVersion: 8
  m_Fog: 0
  m_FogColor: {r: 0.5, g: 0.5, b: 0.5, a: 1}
  m_FogMode: 3
  m_FogDensity: 0.01
  m_LinearFogStart: 0
  m_LinearFogEnd: 300
  m_AmbientSkyColor: {r: 0.212, g: 0.227, b: 0.259, a: 1}
  m_AmbientEquatorColor: {r: 0.114, g: 0.125, b: 0.133, a: 1}
  m_AmbientGroundColor: {r: 0.047, g: 0.043, b: 0.035, a: 1}
  m_AmbientIntensity: 1
  m_AmbientMode: 0
  m_SubtractiveShadowColor: {r: 0.42, g: 0.478, b: 0.627, a: 1}
  m_SkyboxMaterial: {fileID: 10304, guid: 0000000000000000f000000000000000, type: 0}
  m_HaloStrength: 0.5
  m_FlareStrength: 1
  m_FlareFadeSpeed: 3
  m_HaloTexture: {fileID: 0}
  m_SpotCookie: {fileID: 10001, guid: 0000000000000000e000000000000000, type: 0}
  m_DefaultReflectionMode: 0
  m_DefaultReflectionResolution: 128
  m_ReflectionBounces: 1
  m_ReflectionIntensity: 1
  m_CustomReflection: {fileID: 0}
  m_Sun: {fileID: 0}
  m_IndirectSpecularColor: {r: 0.44657874, g: 0.49641258, b: 0.5748172, a: 1}
--- !u!157 &3
LightmapSettings:
  m_ObjectHideFlags: 0
  serializedVersion: 11
  m_GIWorkflowMode: 0
  m_GISettings:
    serializedVersion: 2
    m_BounceScale: 1
    m_IndirectOutputScale: 1
    m_AlbedoBoost: 1
    m_TemporalCoherenceThreshold: 1
    m_EnvironmentLightingMode: 0
    m_EnableBakedLightmaps: 1
    m_EnableRealtimeLightmaps: 1
  m_LightmapEditorSettings:
    serializedVersion: 9
    m_Resolution: 2
    m_BakeResolution: 40
    m_TextureWidth: 1024
    m_TextureHeight: 1024
    m_AO: 0
    m_AOMaxDistance: 1
    m_CompAOExponent: 1
    m_CompAOExponentDirect: 0
    m_Padding: 2
    m_LightmapParameters: {fileID: 0}
    m_LightmapsBakeMode: 1
    m_TextureCompression: 1
    m_FinalGather: 0
    m_FinalGatherFiltering: 1
    m_FinalGatherRayCount: 256
    m_ReflectionCompression: 2
    m_MixedBakeMode: 2
    m_BakeBackend: 0
    m_PVRSampling: 1
    m_PVRDirectSampleCount: 32
    m_PVRSampleCount: 500
    m_PVRBounces: 2
    m_PVRFilterTypeDirect: 0
    m_PVRFilterTypeIndirect: 0
    m_PVRFilterTypeAO: 0
    m_PVRFilteringMode: 1
    m_PVRCulling: 1
    m_PVRFilteringGaussRadiusDirect: 1
    m_PVRFilteringGaussRadiusIndirect: 5
    m_PVRFilteringGaussRadiusAO: 2
    m_PVRFilteringAtrousPositionSigmaDirect: 0.5
    m_PVRFilteringAtrousPositionSigmaIndirect: 2
    m_PVRFilteringAtrousPositionSigmaAO: 1
    m_ShowResolutionOverlay: 1
  m_LightingDataAsset: {fileID: 0}
  m_UseShadowmask: 1
--- !u!196 &4
NavMeshSettings:
  serializedVersion: 2
  m_ObjectHideFlags: 0
  m_BuildSettings:
    serializedVersion: 2
    agentTypeID: 0
    agentRadius: 0.5
    agentHeight: 2
    agentSlope: 45
    agentClimb: 0.4
    ledgeDropHeight: 0
    maxJumpAcrossDistance: 0
    minRegionArea: 2
    manualCellSize: 0
    cellSize: 0.16666667
    manualTileSize: 0
    tileSize: 256
    accuratePlacement: 0
    debug:
      m_Flags: 0
  m_NavMeshData: {fileID: 0}
--- !u!1 &532147929
GameObject:
  m_ObjectHideFlags: 0
  m_PrefabParentObject: {fileID: 0}
  m_PrefabInternal: {fileID: 0}
  serializedVersion: 5
  m_Component:
  - component: {fileID: 532147931}
  - component: {fileID: 532147930}
  m_Layer: 0
  m_Name: Replay
  m_TagString: Untagged
  m_Icon: {fileID: 0}
  m_NavMeshLayer: 0
  m_StaticEditorFlags: 0
  m_IsActive: 1
--- !u!114 &532147930
MonoBehaviour:
  m_ObjectHideFlags: 0
  m_PrefabParentObject: {fileID: 0}
  m_PrefabInternal: {fileID: 0}
  m_GameObject: {fileID: 532147929}
  m_Enabled: 1
  m_EditorHideFlags: 0
  m_Script: {fileID: 11500000, guid: c11517a3a8977cf4d83938765cacb39c, type: 3}
  m_Name: 
  m_EditorClassIdentifier: 
  m_affected: {fileID: 821251251}
  m_framesRecord:
    m_name: MovingSphere
    m_frames:
    - m_time: 0
      m_position: {x: 75.60008, y: 108.79996, z: 1.745497}
      m_rotation: {x: 0, y: 0, z: 0, w: 1}
    - m_time: 0.11618656
      m_position: {x: 75.60008, y: 108.79996, z: 2.3264298}
      m_rotation: {x: 0, y: 0, z: 0, w: 1}
    - m_time: 0.23193374
      m_position: {x: 75.60008, y: 108.79996, z: 2.905166}
      m_rotation: {x: 0, y: 0, z: 0, w: 1}
    - m_time: 0.33194223
      m_position: {x: 75.60008, y: 108.79996, z: 3.405208}
      m_rotation: {x: 0, y: 0, z: 0, w: 1}
    - m_time: 0.4475135
      m_position: {x: 75.60008, y: 108.79996, z: 3.9830644}
      m_rotation: {x: 0, y: 0, z: 0, w: 1}
    - m_time: 0.5632677
      m_position: {x: 75.60008, y: 108.79996, z: 4.561836}
      m_rotation: {x: 0, y: 0, z: 0, w: 1}
    - m_time: 0.6797576
      m_position: {x: 75.908936, y: 108.53343, z: 4.812809}
      m_rotation: {x: 0.49890777, y: -0.3856868, z: 0.77497804, w: 0.041783243}
    - m_time: 0.7956736
      m_position: {x: 76.33843, y: 108.162796, z: 4.9314327}
      m_rotation: {x: 0.49890777, y: -0.3856868, z: 0.77497804, w: 0.041783243}
    - m_time: 0.9111687
      m_position: {x: 76.766365, y: 107.7935, z: 5.0496264}
      m_rotation: {x: 0.49890777, y: -0.3856868, z: 0.77497804, w: 0.041783243}
    - m_time: 1.0271349
      m_position: {x: 77.19605, y: 107.42271, z: 5.168302}
      m_rotation: {x: 0.49890777, y: -0.3856868, z: 0.77497804, w: 0.041783243}
    - m_time: 1.1431015
      m_position: {x: 77.62575, y: 107.05191, z: 5.2869787}
      m_rotation: {x: 0.49890777, y: -0.3856868, z: 0.77497804, w: 0.041783243}
    - m_time: 1.2590679
      m_position: {x: 78.05545, y: 106.68112, z: 5.4056554}
      m_rotation: {x: 0.49890777, y: -0.3856868, z: 0.77497804, w: 0.041783243}
    - m_time: 1.359159
      m_position: {x: 78.426315, y: 106.361084, z: 5.5080857}
      m_rotation: {x: 0.49890777, y: -0.3856868, z: 0.77497804, w: 0.041783243}
    - m_time: 1.4744337
      m_position: {x: 78.29177, y: 105.952095, z: 5.652613}
      m_rotation: {x: 0.4232145, y: 0.43172136, z: -0.79422206, w: 0.060971677}
    - m_time: 1.5904016
      m_position: {x: 77.9325, y: 105.52454, z: 5.808598}
      m_rotation: {x: 0.4232145, y: 0.43172136, z: -0.79422206, w: 0.060971677}
    - m_time: 1.7068574
      m_position: {x: 77.57172, y: 105.095184, z: 5.9652386}
      m_rotation: {x: 0.4232145, y: 0.43172136, z: -0.79422206, w: 0.060971677}
    - m_time: 1.8224227
      m_position: {x: 77.2137, y: 104.6691, z: 6.120681}
      m_rotation: {x: 0.4232145, y: 0.43172136, z: -0.79422206, w: 0.060971677}
    - m_time: 1.9384644
      m_position: {x: 76.8542, y: 104.24127, z: 6.276764}
      m_rotation: {x: 0.4232145, y: 0.43172136, z: -0.79422206, w: 0.060971677}
    - m_time: 2.054529
      m_position: {x: 76.49464, y: 103.813354, z: 6.4328775}
      m_rotation: {x: 0.4232145, y: 0.43172136, z: -0.79422206, w: 0.060971677}
    - m_time: 2.1702342
      m_position: {x: 76.136185, y: 103.386765, z: 6.5885077}
      m_rotation: {x: 0.4232145, y: 0.43172136, z: -0.79422206, w: 0.060971677}
    - m_time: 2.2865267
      m_position: {x: 76.15824, y: 102.807274, z: 6.5461416}
      m_rotation: {x: 0.7227816, y: 0.11839508, z: -0.08442417, w: 0.6756049}
    - m_time: 2.402735
      m_position: {x: 76.18028, y: 102.228195, z: 6.5038066}
      m_rotation: {x: 0.7227816, y: 0.11839508, z: -0.08442417, w: 0.6756049}
    - m_time: 2.5188088
      m_position: {x: 76.2023, y: 101.64979, z: 6.4615192}
      m_rotation: {x: 0.7227816, y: 0.11839508, z: -0.08442417, w: 0.6756049}
    - m_time: 2.634837
      m_position: {x: 76.224304, y: 101.07161, z: 6.4192495}
      m_rotation: {x: 0.7227816, y: 0.11839508, z: -0.08442417, w: 0.6756049}
    - m_time: 2.7503924
      m_position: {x: 76.24623, y: 100.49578, z: 6.3771515}
      m_rotation: {x: 0.7227816, y: 0.11839508, z: -0.08442417, w: 0.6756049}
    - m_time: 2.8663602
      m_position: {x: 76.26547, y: 99.91783, z: 6.334428}
      m_rotation: {x: 0.6954307, y: 0.23105386, z: -0.19421636, w: 0.65212756}
    - m_time: 2.9825673
      m_position: {x: 76.283615, y: 99.33868, z: 6.29142}
      m_rotation: {x: 0.6954307, y: 0.23105386, z: -0.19421636, w: 0.65212756}
    - m_time: 3.0986319
      m_position: {x: 76.30174, y: 98.76024, z: 6.248465}
      m_rotation: {x: 0.6954307, y: 0.23105386, z: -0.19421636, w: 0.65212756}
    - m_time: 3.2142606
      m_position: {x: 76.31979, y: 98.18397, z: 6.2056713}
      m_rotation: {x: 0.6954307, y: 0.23105386, z: -0.19421636, w: 0.65212756}
    - m_time: 3.3302782
      m_position: {x: 76.337906, y: 97.60575, z: 6.162734}
      m_rotation: {x: 0.6954307, y: 0.23105386, z: -0.19421636, w: 0.65212756}
    - m_time: 3.4463272
      m_position: {x: 76.356026, y: 97.02738, z: 6.119785}
      m_rotation: {x: 0.6954307, y: 0.23105386, z: -0.19421636, w: 0.65212756}
    - m_time: 3.5621598
      m_position: {x: 76.36244, y: 97.26422, z: 6.040297}
      m_rotation: {x: -0.47740617, y: -0.5947243, z: -0.5055668, w: 0.4034708}
    - m_time: 3.678129
      m_position: {x: 76.364075, y: 97.83629, z: 5.9456506}
      m_rotation: {x: -0.47740617, y: -0.5947243, z: -0.5055668, w: 0.4034708}
    - m_time: 3.780884
      m_position: {x: 76.365524, y: 98.34318, z: 5.8617883}
      m_rotation: {x: -0.47740617, y: -0.5947243, z: -0.5055668, w: 0.4034708}
    - m_time: 3.89135
      m_position: {x: 76.36991, y: 98.73391, z: 5.825148}
      m_rotation: {x: 0.5070233, y: -0.038885802, z: 0.102061085, w: 0.8549847}
    - m_time: 4.007317
      m_position: {x: 76.391365, y: 98.22661, z: 6.1051083}
      m_rotation: {x: 0.5070233, y: -0.038885802, z: 0.102061085, w: 0.8549847}
    - m_time: 4.123358
      m_position: {x: 76.412834, y: 97.71896, z: 6.3852487}
      m_rotation: {x: 0.5070233, y: -0.038885802, z: 0.102061085, w: 0.8549847}
    - m_time: 4.239677
      m_position: {x: 76.43436, y: 97.2101, z: 6.6660614}
      m_rotation: {x: 0.5070233, y: -0.038885802, z: 0.102061085, w: 0.8549847}
    - m_time: 4.355769
      m_position: {x: 76.45583, y: 96.702225, z: 6.9463253}
      m_rotation: {x: 0.5070233, y: -0.038885802, z: 0.102061085, w: 0.8549847}
    - m_time: 4.471316
      m_position: {x: 76.47721, y: 96.19675, z: 7.225272}
      m_rotation: {x: 0.5070233, y: -0.038885802, z: 0.102061085, w: 0.8549847}
    - m_time: 4.5874224
      m_position: {x: 76.49869, y: 95.68882, z: 7.5055723}
      m_rotation: {x: 0.5070233, y: -0.038885802, z: 0.102061085, w: 0.8549847}
    - m_time: 4.7039485
      m_position: {x: 76.52025, y: 95.17906, z: 7.7868843}
      m_rotation: {x: 0.5070233, y: -0.038885802, z: 0.102061085, w: 0.8549847}
    - m_time: 4.8191156
      m_position: {x: 76.62128, y: 95.74586, z: 7.7760963}
      m_rotation: {x: -0.6873929, y: 0.19198552, z: 0.06712076, w: 0.69722843}
    - m_time: 4.93518
      m_position: {x: 76.72308, y: 96.317085, z: 7.7652235}
      m_rotation: {x: -0.6873929, y: 0.19198552, z: 0.06712076, w: 0.69722843}
    - m_time: 5.051241
      m_position: {x: 76.82489, y: 96.88829, z: 7.754351}
      m_rotation: {x: -0.6873929, y: 0.19198552, z: 0.06712076, w: 0.69722843}
    - m_time: 5.1678324
      m_position: {x: 76.92717, y: 97.4621, z: 7.743429}
      m_rotation: {x: -0.6873929, y: 0.19198552, z: 0.06712076, w: 0.69722843}
    - m_time: 5.282949
      m_position: {x: 77.02815, y: 98.02865, z: 7.732645}
      m_rotation: {x: -0.6873929, y: 0.19198552, z: 0.06712076, w: 0.69722843}
    - m_time: 5.398916
      m_position: {x: 77.129875, y: 98.59939, z: 7.7217813}
      m_rotation: {x: -0.6873929, y: 0.19198552, z: 0.06712076, w: 0.69722843}
    - m_time: 5.514902
      m_position: {x: 77.23161, y: 99.17023, z: 7.710916}
      m_rotation: {x: -0.6873929, y: 0.19198552, z: 0.06712076, w: 0.69722843}
    - m_time: 5.630921
      m_position: {x: 77.33339, y: 99.74122, z: 7.700048}
      m_rotation: {x: -0.6873929, y: 0.19198552, z: 0.06712076, w: 0.69722843}
    - m_time: 5.74711
      m_position: {x: 77.329216, y: 99.1627, z: 7.7527995}
      m_rotation: {x: 0.2925545, y: 0.6074624, z: -0.6676613, w: 0.31564173}
    - m_time: 5.862782
      m_position: {x: 77.32507, y: 98.58675, z: 7.8053164}
      m_rotation: {x: 0.2925545, y: 0.6074624, z: -0.6676613, w: 0.31564173}
    - m_time: 5.97932
      m_position: {x: 77.3209, y: 98.00648, z: 7.858226}
      m_rotation: {x: 0.2925545, y: 0.6074624, z: -0.6676613, w: 0.31564173}
    - m_time: 6.094892
      m_position: {x: 77.31675, y: 97.43102, z: 7.910697}
      m_rotation: {x: 0.2925545, y: 0.6074624, z: -0.6676613, w: 0.31564173}
    - m_time: 6.2106833
      m_position: {x: 77.3126, y: 96.85448, z: 7.9632673}
      m_rotation: {x: 0.2925545, y: 0.6074624, z: -0.6676613, w: 0.31564173}
    - m_time: 6.326976
      m_position: {x: 77.30843, y: 96.27544, z: 8.016066}
      m_rotation: {x: 0.2925545, y: 0.6074624, z: -0.6676613, w: 0.31564173}
    - m_time: 6.442617
      m_position: {x: 77.30429, y: 95.69964, z: 8.068568}
      m_rotation: {x: 0.2925545, y: 0.6074624, z: -0.6676613, w: 0.31564173}
    - m_time: 6.558649
      m_position: {x: 77.26081, y: 96.27778, z: 8.047649}
      m_rotation: {x: 0.032579154, y: -0.71900445, z: -0.6939336, w: 0.020673543}
    - m_time: 6.674706
      m_position: {x: 77.21923, y: 96.193794, z: 8.038628}
      m_rotation: {x: 0.62437737, y: 0.3320592, z: -0.37437713, w: 0.59977615}
    - m_time: 6.774911
      m_position: {x: 77.18456, y: 95.69398, z: 8.038517}
      m_rotation: {x: 0.62437737, y: 0.3320592, z: -0.37437713, w: 0.59977615}
    - m_time: 6.877617
      m_position: {x: 77.14903, y: 95.18168, z: 8.038404}
      m_rotation: {x: 0.8714666, y: -0.16455592, z: 0.38702086, w: 0.25235343}
    - m_time: 6.993666
      m_position: {x: 77.49224, y: 94.852554, z: 7.7058864}
      m_rotation: {x: 0.8714666, y: -0.16455592, z: 0.38702086, w: 0.25235343}
    - m_time: 7.109673
      m_position: {x: 77.835335, y: 94.52356, z: 7.373488}
      m_rotation: {x: 0.8714666, y: -0.16455592, z: 0.38702086, w: 0.25235343}
    - m_time: 7.2255173
      m_position: {x: 78.17793, y: 94.19503, z: 7.041557}
      m_rotation: {x: 0.8714666, y: -0.16455592, z: 0.38702086, w: 0.25235343}
    - m_time: 7.341483
      m_position: {x: 78.520905, y: 93.86616, z: 6.709276}
      m_rotation: {x: 0.8714666, y: -0.16455592, z: 0.38702086, w: 0.25235343}
    - m_time: 7.4574504
      m_position: {x: 78.50866, y: 94.308075, z: 6.7184525}
      m_rotation: {x: -0.5115487, y: 0.42533457, z: 0.5453075, w: 0.5099493}
    - m_time: 7.557602
      m_position: {x: 78.44651, y: 94.80162, z: 6.7759476}
      m_rotation: {x: -0.5115487, y: 0.42533457, z: 0.5453075, w: 0.5099493}
    - m_time: 7.673247
      m_position: {x: 78.374756, y: 95.37153, z: 6.8423376}
      m_rotation: {x: -0.5115487, y: 0.42533457, z: 0.5453075, w: 0.5099493}
    - m_time: 7.789245
      m_position: {x: 78.34002, y: 95.91214, z: 6.9598145}
      m_rotation: {x: -0.174486, y: -0.33112857, z: -0.92728114, w: 0.0076328106}
    - m_time: 7.9048247
      m_position: {x: 78.5241, y: 96.26857, z: 7.3757944}
      m_rotation: {x: -0.174486, y: -0.33112857, z: -0.92728114, w: 0.0076328106}
    - m_time: 8.020716
      m_position: {x: 78.70868, y: 96.625946, z: 7.792897}
      m_rotation: {x: -0.174486, y: -0.33112857, z: -0.92728114, w: 0.0076328106}
    - m_time: 8.121074
      m_position: {x: 78.868515, y: 96.93543, z: 8.154095}
      m_rotation: {x: -0.174486, y: -0.33112857, z: -0.92728114, w: 0.0076328106}
    - m_time: 8.236167
      m_position: {x: 79.05675, y: 97.0584, z: 8.362367}
      m_rotation: {x: 0.049447954, y: 0.87044066, z: -0.43516478, w: 0.22476578}
    - m_time: 8.352051
      m_position: {x: 79.25853, y: 96.606575, z: 8.060939}
      m_rotation: {x: 0.049447954, y: 0.87044066, z: -0.43516478, w: 0.22476578}
    - m_time: 8.4687805
      m_position: {x: 79.43726, y: 96.305466, z: 7.7998643}
      m_rotation: {x: 0.18359916, y: 0.69345766, z: 0.68371195, w: -0.13396226}
    - m_time: 8.583981
      m_position: {x: 79.47486, y: 96.880005, z: 7.783055}
      m_rotation: {x: 0.18359916, y: 0.69345766, z: 0.68371195, w: -0.13396226}
    - m_time: 8.699948
      m_position: {x: 79.51271, y: 97.45836, z: 7.7661324}
      m_rotation: {x: 0.18359916, y: 0.69345766, z: 0.68371195, w: -0.13396226}
    - m_time: 8.800145
      m_position: {x: 79.711205, y: 97.224846, z: 7.952073}
      m_rotation: {x: 0.522162, y: 0.03556912, z: 0.39197457, w: 0.75659615}
    - m_time: 8.916204
      m_position: {x: 79.97998, y: 96.78252, z: 8.214462}
      m_rotation: {x: 0.522162, y: 0.03556912, z: 0.39197457, w: 0.75659615}
    - m_time: 9.031282
      m_position: {x: 79.92523, y: 96.82499, z: 8.153275}
      m_rotation: {x: -0.39210662, y: 0.7778889, z: 0.48426855, w: -0.08139598}
    - m_time: 9.147364
      m_position: {x: 79.63132, y: 97.22523, z: 7.852789}
      m_rotation: {x: -0.39210662, y: 0.7778889, z: 0.48426855, w: -0.08139598}
    - m_time: 9.263216
      m_position: {x: 79.321556, y: 97.696014, z: 7.750997}
      m_rotation: {x: -0.70143217, y: -0.25831386, z: 0.1459653, w: 0.64804405}
    - m_time: 9.379484
      m_position: {x: 79.00789, y: 98.180695, z: 7.6827087}
      m_rotation: {x: -0.70143217, y: -0.25831386, z: 0.1459653, w: 0.64804405}
    - m_time: 9.495149
      m_position: {x: 78.69585, y: 98.662834, z: 7.6147757}
      m_rotation: {x: -0.70143217, y: -0.25831386, z: 0.1459653, w: 0.64804405}
    - m_time: 9.611116
      m_position: {x: 78.38298, y: 99.14625, z: 7.546664}
      m_rotation: {x: -0.70143217, y: -0.25831386, z: 0.1459653, w: 0.64804405}
    - m_time: 9.727683
      m_position: {x: 78.0685, y: 99.632164, z: 7.4782004}
      m_rotation: {x: -0.70143217, y: -0.25831386, z: 0.1459653, w: 0.64804405}
    - m_time: 9.84305
      m_position: {x: 77.75726, y: 100.113075, z: 7.410442}
      m_rotation: {x: -0.70143217, y: -0.25831386, z: 0.1459653, w: 0.64804405}
    - m_time: 9.959016
      m_position: {x: 77.4444, y: 100.59649, z: 7.342331}
      m_rotation: {x: -0.70143217, y: -0.25831386, z: 0.1459653, w: 0.64804405}
    - m_time: 10.074983
      m_position: {x: 77.13154, y: 101.07989, z: 7.2742205}
      m_rotation: {x: -0.70143217, y: -0.25831386, z: 0.1459653, w: 0.64804405}
    - m_time: 10.190949
      m_position: {x: 77.00243, y: 101.51293, z: 7.4211783}
      m_rotation: {x: -0.33148617, y: -0.1238419, z: -0.5781839, w: 0.7351759}
    - m_time: 10.306996
      m_position: {x: 77.119194, y: 101.87884, z: 7.856098}
      m_rotation: {x: -0.33148617, y: -0.1238419, z: -0.5781839, w: 0.7351759}
    - m_time: 10.42309
      m_position: {x: 77.23601, y: 102.24488, z: 8.291195}
      m_rotation: {x: -0.33148617, y: -0.1238419, z: -0.5781839, w: 0.7351759}
    - m_time: 10.538849
      m_position: {x: 77.35248, y: 102.60987, z: 8.725035}
      m_rotation: {x: -0.33148617, y: -0.1238419, z: -0.5781839, w: 0.7351759}
    - m_time: 10.654816
      m_position: {x: 77.46916, y: 102.97552, z: 9.159656}
      m_rotation: {x: -0.33148617, y: -0.1238419, z: -0.5781839, w: 0.7351759}
    - m_time: 10.770782
      m_position: {x: 77.56571, y: 103.10231, z: 9.566086}
      m_rotation: {x: 0.27795792, y: -0.36475238, z: 0.7561006, w: 0.4669122}
    - m_time: 10.887328
      m_position: {x: 77.61217, y: 102.62963, z: 9.903713}
      m_rotation: {x: 0.27795792, y: -0.36475238, z: 0.7561006, w: 0.4669122}
    - m_time: 11.00342
      m_position: {x: 77.65844, y: 102.158806, z: 10.240025}
      m_rotation: {x: -0.592571, y: -0.18349484, z: -0.7606221, w: 0.19142444}
    - m_time: 11.1189165
      m_position: {x: 78.13844, y: 102.45101, z: 10.373065}
      m_rotation: {x: -0.592571, y: -0.18349484, z: -0.7606221, w: 0.19142444}
    - m_time: 11.234662
      m_position: {x: 78.61948, y: 102.74385, z: 10.5063925}
      m_rotation: {x: -0.592571, y: -0.18349484, z: -0.7606221, w: 0.19142444}
    - m_time: 11.350615
      m_position: {x: 78.61785, y: 103.00036, z: 10.341465}
      m_rotation: {x: -0.22515589, y: -0.8857584, z: -0.124659695, w: 0.38626015}
    - m_time: 11.4671335
      m_position: {x: 78.25191, y: 103.23035, z: 9.950822}
      m_rotation: {x: -0.22515589, y: -0.8857584, z: -0.124659695, w: 0.38626015}
    - m_time: 11.582548
      m_position: {x: 77.88943, y: 103.45816, z: 9.563879}
      m_rotation: {x: -0.22515589, y: -0.8857584, z: -0.124659695, w: 0.38626015}
    - m_time: 11.698515
      m_position: {x: 77.525215, y: 103.68706, z: 9.175085}
      m_rotation: {x: -0.22515589, y: -0.8857584, z: -0.124659695, w: 0.38626015}
    - m_time: 11.814906
      m_position: {x: 77.15967, y: 103.91681, z: 8.784866}
      m_rotation: {x: -0.22515589, y: -0.8857584, z: -0.124659695, w: 0.38626015}
    - m_time: 11.93045
      m_position: {x: 76.79678, y: 104.144875, z: 8.3974905}
      m_rotation: {x: -0.22515589, y: -0.8857584, z: -0.124659695, w: 0.38626015}
    - m_time: 12.046416
      m_position: {x: 76.43257, y: 104.37378, z: 8.008699}
      m_rotation: {x: -0.22515589, y: -0.8857584, z: -0.124659695, w: 0.38626015}
    - m_time: 12.163072
      m_position: {x: 75.890686, y: 104.501884, z: 7.953126}
      m_rotation: {x: 0.40288055, y: -0.57852155, z: -0.50789064, w: 0.49502242}
    - m_time: 12.278352
      m_position: {x: 75.32465, y: 104.6107, z: 7.9565845}
      m_rotation: {x: 0.40288055, y: -0.57852155, z: -0.50789064, w: 0.49502242}
    - m_time: 12.394317
      m_position: {x: 74.755264, y: 104.72017, z: 7.960063}
      m_rotation: {x: 0.40288055, y: -0.57852155, z: -0.50789064, w: 0.49502242}
    - m_time: 12.51076
      m_position: {x: 74.18352, y: 104.83008, z: 7.9635563}
      m_rotation: {x: 0.40288055, y: -0.57852155, z: -0.50789064, w: 0.49502242}
    - m_time: 12.62625
      m_position: {x: 74.06232, y: 105.03888, z: 7.5082493}
      m_rotation: {x: -0.90917933, y: -0.36322364, z: -0.033543903, w: 0.20083939}
    - m_time: 12.742216
      m_position: {x: 74.01309, y: 105.26477, z: 6.9765}
      m_rotation: {x: -0.90917933, y: -0.36322364, z: -0.033543903, w: 0.20083939}
    - m_time: 12.858183
      m_position: {x: 73.96386, y: 105.49065, z: 6.4447455}
      m_rotation: {x: -0.90917933, y: -0.36322364, z: -0.033543903, w: 0.20083939}
    - m_time: 12.97415
      m_position: {x: 74.101395, y: 105.97114, z: 6.5186677}
      m_rotation: {x: -0.51297337, y: -0.28723222, z: -0.593457, w: 0.5496953}
    - m_time: 13.0901165
      m_position: {x: 74.27133, y: 106.49582, z: 6.6976705}
      m_rotation: {x: -0.51297337, y: -0.28723222, z: -0.593457, w: 0.5496953}
    - m_time: 13.206375
      m_position: {x: 74.441696, y: 107.02181, z: 6.8771224}
      m_rotation: {x: -0.51297337, y: -0.28723222, z: -0.593457, w: 0.5496953}
    - m_time: 13.322049
      m_position: {x: 74.611206, y: 107.545166, z: 7.0556736}
      m_rotation: {x: -0.51297337, y: -0.28723222, z: -0.593457, w: 0.5496953}
    - m_time: 13.438016
      m_position: {x: 74.95024, y: 107.5651, z: 6.8417506}
      m_rotation: {x: 0.38028058, y: 0.82181686, z: 0.005379603, w: 0.4242343}
    - m_time: 13.553983
      m_position: {x: 75.35692, y: 107.38314, z: 6.470662}
      m_rotation: {x: 0.38028058, y: 0.82181686, z: 0.005379603, w: 0.4242343}
    - m_time: 13.66995
      m_position: {x: 75.7636, y: 107.20119, z: 6.099571}
      m_rotation: {x: 0.38028058, y: 0.82181686, z: 0.005379603, w: 0.4242343}
    - m_time: 13.773221
      m_position: {x: 76.12576, y: 107.03915, z: 5.769107}
      m_rotation: {x: 0.38028058, y: 0.82181686, z: 0.005379603, w: 0.4242343}
    - m_time: 13.889213
      m_position: {x: 76.53254, y: 106.857155, z: 5.3979387}
      m_rotation: {x: 0.38028058, y: 0.82181686, z: 0.005379603, w: 0.4242343}
    - m_time: 14.004831
      m_position: {x: 76.93799, y: 106.67574, z: 5.0279617}
      m_rotation: {x: 0.38028058, y: 0.82181686, z: 0.005379603, w: 0.4242343}
    - m_time: 14.120753
      m_position: {x: 77.34451, y: 106.493866, z: 4.657015}
      m_rotation: {x: 0.38028058, y: 0.82181686, z: 0.005379603, w: 0.4242343}
    - m_time: 14.237437
      m_position: {x: 77.75371, y: 106.31079, z: 4.283633}
      m_rotation: {x: 0.38028058, y: 0.82181686, z: 0.005379603, w: 0.4242343}
    - m_time: 14.352684
      m_position: {x: 78.01546, y: 106.02759, z: 4.0713954}
      m_rotation: {x: 0.22610232, y: 0.5414564, z: -0.7898735, w: 0.17833279}
    - m_time: 14.452696
      m_position: {x: 77.93341, y: 105.559525, z: 4.227117}
      m_rotation: {x: 0.22610232, y: 0.5414564, z: -0.7898735, w: 0.17833279}
    - m_time: 14.568049
      m_position: {x: 77.8388, y: 105.01968, z: 4.4067254}
      m_rotation: {x: 0.22610232, y: 0.5414564, z: -0.7898735, w: 0.17833279}
    - m_time: 14.684016
      m_position: {x: 77.74367, y: 104.476944, z: 4.587288}
      m_rotation: {x: 0.22610232, y: 0.5414564, z: -0.7898735, w: 0.17833279}
    - m_time: 14.799983
      m_position: {x: 77.64855, y: 103.93421, z: 4.767852}
      m_rotation: {x: 0.22610232, y: 0.5414564, z: -0.7898735, w: 0.17833279}
    - m_time: 14.916
      m_position: {x: 77.60807, y: 103.516235, z: 4.977287}
      m_rotation: {x: 0.04743567, y: -0.41082448, z: -0.61396134, w: -0.67232776}
    - m_time: 15.03207
      m_position: {x: 77.89486, y: 103.846016, z: 5.359127}
      m_rotation: {x: 0.04743567, y: -0.41082448, z: -0.61396134, w: -0.67232776}
    - m_time: 15.147882
      m_position: {x: 78.18102, y: 104.175064, z: 5.740119}
      m_rotation: {x: 0.04743567, y: -0.41082448, z: -0.61396134, w: -0.67232776}
    - m_time: 15.264231
      m_position: {x: 78.4685, y: 104.50564, z: 6.1228714}
      m_rotation: {x: 0.04743567, y: -0.41082448, z: -0.61396134, w: -0.67232776}
    - m_time: 15.380259
      m_position: {x: 78.83832, y: 104.69856, z: 5.9478865}
      m_rotation: {x: -0.43154842, y: -0.80826056, z: -0.29377702, w: -0.27235276}
    - m_time: 15.49584
      m_position: {x: 79.23927, y: 104.837166, z: 5.5554657}
      m_rotation: {x: -0.43154842, y: -0.80826056, z: -0.29377702, w: -0.27235276}
    - m_time: 15.6124
      m_position: {x: 79.64363, y: 104.976944, z: 5.1597223}
      m_rotation: {x: -0.43154842, y: -0.80826056, z: -0.29377702, w: -0.27235276}
    - m_time: 15.72842
      m_position: {x: 80.04612, y: 105.11607, z: 4.765812}
      m_rotation: {x: -0.43154842, y: -0.80826056, z: -0.29377702, w: -0.27235276}
    - m_time: 15.843685
      m_position: {x: 80.44599, y: 105.2543, z: 4.3744698}
      m_rotation: {x: -0.43154842, y: -0.80826056, z: -0.29377702, w: -0.27235276}
    - m_time: 15.95965
      m_position: {x: 80.8483, y: 105.39337, z: 3.9807415}
      m_rotation: {x: -0.43154842, y: -0.80826056, z: -0.29377702, w: -0.27235276}
    - m_time: 16.075617
      m_position: {x: 81.2506, y: 105.53243, z: 3.5870142}
      m_rotation: {x: -0.43154842, y: -0.80826056, z: -0.29377702, w: -0.27235276}
    - m_time: 16.1922
      m_position: {x: 81.65503, y: 105.672226, z: 3.1911929}
      m_rotation: {x: -0.43154842, y: -0.80826056, z: -0.29377702, w: -0.27235276}
    - m_time: 16.30755
      m_position: {x: 81.70434, y: 105.568184, z: 3.7563336}
      m_rotation: {x: 0.091037005, y: 0.042139705, z: 0.00902353, w: 0.99491465}
    - m_time: 16.408155
      m_position: {x: 81.74734, y: 105.47744, z: 4.2492332}
      m_rotation: {x: 0.091037005, y: 0.042139705, z: 0.00902353, w: 0.99491465}
    - m_time: 16.52412
      m_position: {x: 81.796906, y: 105.372856, z: 4.817393}
      m_rotation: {x: 0.091037005, y: 0.042139705, z: 0.00902353, w: 0.99491465}
  m_onFinish:
    m_PersistentCalls:
      m_Calls:
      - m_Target: {fileID: 532147930}
        m_MethodName: Reset
        m_Mode: 1
        m_Arguments:
          m_ObjectArgument: {fileID: 0}
          m_ObjectArgumentAssemblyTypeName: UnityEngine.Object, UnityEngine
          m_IntArgument: 0
          m_FloatArgument: 0
          m_StringArgument: 
          m_BoolArgument: 0
        m_CallState: 2
    m_TypeName: UnityEngine.Events.UnityEvent, UnityEngine.CoreModule, Version=0.0.0.0,
      Culture=neutral, PublicKeyToken=null
  m_isPlaying: 1
  m_time: 0
  m_jsonSave: {fileID: 0}
--- !u!4 &532147931
Transform:
  m_ObjectHideFlags: 0
  m_PrefabParentObject: {fileID: 0}
  m_PrefabInternal: {fileID: 0}
  m_GameObject: {fileID: 532147929}
  m_LocalRotation: {x: -0, y: -0, z: -0, w: 1}
  m_LocalPosition: {x: 75.60008, y: 108.79996, z: 0}
  m_LocalScale: {x: 1, y: 1, z: 1}
  m_Children: []
  m_Father: {fileID: 0}
  m_RootOrder: 4
  m_LocalEulerAnglesHint: {x: 0, y: 0, z: 0}
--- !u!1 &570738385
GameObject:
  m_ObjectHideFlags: 0
  m_PrefabParentObject: {fileID: 0}
  m_PrefabInternal: {fileID: 0}
  serializedVersion: 5
  m_Component:
  - component: {fileID: 570738387}
  - component: {fileID: 570738386}
  m_Layer: 0
  m_Name: Directional Light
  m_TagString: Untagged
  m_Icon: {fileID: 0}
  m_NavMeshLayer: 0
  m_StaticEditorFlags: 0
  m_IsActive: 1
--- !u!108 &570738386
Light:
  m_ObjectHideFlags: 0
  m_PrefabParentObject: {fileID: 0}
  m_PrefabInternal: {fileID: 0}
  m_GameObject: {fileID: 570738385}
  m_Enabled: 1
  serializedVersion: 8
  m_Type: 1
  m_Color: {r: 1, g: 0.95686275, b: 0.8392157, a: 1}
  m_Intensity: 1
  m_Range: 10
  m_SpotAngle: 30
  m_CookieSize: 10
  m_Shadows:
    m_Type: 2
    m_Resolution: -1
    m_CustomResolution: -1
    m_Strength: 1
    m_Bias: 0.05
    m_NormalBias: 0.4
    m_NearPlane: 0.2
  m_Cookie: {fileID: 0}
  m_DrawHalo: 0
  m_Flare: {fileID: 0}
  m_RenderMode: 0
  m_CullingMask:
    serializedVersion: 2
    m_Bits: 4294967295
  m_Lightmapping: 4
  m_AreaSize: {x: 1, y: 1}
  m_BounceIntensity: 1
  m_ColorTemperature: 6570
  m_UseColorTemperature: 0
  m_ShadowRadius: 0
  m_ShadowAngle: 0
--- !u!4 &570738387
Transform:
  m_ObjectHideFlags: 0
  m_PrefabParentObject: {fileID: 0}
  m_PrefabInternal: {fileID: 0}
  m_GameObject: {fileID: 570738385}
  m_LocalRotation: {x: 0.40821788, y: -0.23456968, z: 0.10938163, w: 0.8754261}
  m_LocalPosition: {x: 0, y: 3, z: 0}
  m_LocalScale: {x: 1, y: 1, z: 1}
  m_Children: []
  m_Father: {fileID: 0}
  m_RootOrder: 1
  m_LocalEulerAnglesHint: {x: 50, y: -30, z: 0}
--- !u!1 &635179900
GameObject:
  m_ObjectHideFlags: 0
  m_PrefabParentObject: {fileID: 0}
  m_PrefabInternal: {fileID: 0}
  serializedVersion: 5
  m_Component:
  - component: {fileID: 635179901}
  - component: {fileID: 635179904}
  - component: {fileID: 635179903}
  - component: {fileID: 635179902}
  m_Layer: 0
  m_Name: Cube
  m_TagString: Untagged
  m_Icon: {fileID: 0}
  m_NavMeshLayer: 0
  m_StaticEditorFlags: 0
  m_IsActive: 1
--- !u!4 &635179901
Transform:
  m_ObjectHideFlags: 0
  m_PrefabParentObject: {fileID: 0}
  m_PrefabInternal: {fileID: 0}
  m_GameObject: {fileID: 635179900}
  m_LocalRotation: {x: 0, y: 0, z: 0, w: 1}
  m_LocalPosition: {x: 0, y: -0.120000124, z: 0}
  m_LocalScale: {x: 0.17472886, y: 0.17472886, z: 0.17472886}
  m_Children: []
  m_Father: {fileID: 1812757454}
  m_RootOrder: 1
  m_LocalEulerAnglesHint: {x: 0, y: 0, z: 0}
--- !u!23 &635179902
MeshRenderer:
  m_ObjectHideFlags: 0
  m_PrefabParentObject: {fileID: 0}
  m_PrefabInternal: {fileID: 0}
  m_GameObject: {fileID: 635179900}
  m_Enabled: 1
  m_CastShadows: 1
  m_ReceiveShadows: 1
  m_DynamicOccludee: 1
  m_MotionVectors: 1
  m_LightProbeUsage: 1
  m_ReflectionProbeUsage: 1
  m_Materials:
  - {fileID: 10303, guid: 0000000000000000f000000000000000, type: 0}
  m_StaticBatchInfo:
    firstSubMesh: 0
    subMeshCount: 0
  m_StaticBatchRoot: {fileID: 0}
  m_ProbeAnchor: {fileID: 0}
  m_LightProbeVolumeOverride: {fileID: 0}
  m_ScaleInLightmap: 1
  m_PreserveUVs: 1
  m_IgnoreNormalsForChartDetection: 0
  m_ImportantGI: 0
  m_StitchLightmapSeams: 0
  m_SelectedEditorRenderState: 3
  m_MinimumChartSize: 4
  m_AutoUVMaxDistance: 0.5
  m_AutoUVMaxAngle: 89
  m_LightmapParameters: {fileID: 0}
  m_SortingLayerID: 0
  m_SortingLayer: 0
  m_SortingOrder: 0
--- !u!65 &635179903
BoxCollider:
  m_ObjectHideFlags: 0
  m_PrefabParentObject: {fileID: 0}
  m_PrefabInternal: {fileID: 0}
  m_GameObject: {fileID: 635179900}
  m_Material: {fileID: 0}
  m_IsTrigger: 0
  m_Enabled: 1
  serializedVersion: 2
  m_Size: {x: 1, y: 1, z: 1}
  m_Center: {x: 0, y: 0, z: 0}
--- !u!33 &635179904
MeshFilter:
  m_ObjectHideFlags: 0
  m_PrefabParentObject: {fileID: 0}
  m_PrefabInternal: {fileID: 0}
  m_GameObject: {fileID: 635179900}
  m_Mesh: {fileID: 10202, guid: 0000000000000000e000000000000000, type: 0}
--- !u!1 &657546974
GameObject:
  m_ObjectHideFlags: 0
  m_PrefabParentObject: {fileID: 0}
  m_PrefabInternal: {fileID: 0}
  serializedVersion: 5
  m_Component:
  - component: {fileID: 657546978}
  - component: {fileID: 657546977}
  - component: {fileID: 657546976}
  - component: {fileID: 657546975}
  m_Layer: 0
  m_Name: Sphere
  m_TagString: Untagged
  m_Icon: {fileID: 0}
  m_NavMeshLayer: 0
  m_StaticEditorFlags: 0
  m_IsActive: 1
--- !u!23 &657546975
MeshRenderer:
  m_ObjectHideFlags: 0
  m_PrefabParentObject: {fileID: 0}
  m_PrefabInternal: {fileID: 0}
  m_GameObject: {fileID: 657546974}
  m_Enabled: 1
  m_CastShadows: 1
  m_ReceiveShadows: 1
  m_DynamicOccludee: 1
  m_MotionVectors: 1
  m_LightProbeUsage: 1
  m_ReflectionProbeUsage: 1
  m_Materials:
  - {fileID: 10303, guid: 0000000000000000f000000000000000, type: 0}
  m_StaticBatchInfo:
    firstSubMesh: 0
    subMeshCount: 0
  m_StaticBatchRoot: {fileID: 0}
  m_ProbeAnchor: {fileID: 0}
  m_LightProbeVolumeOverride: {fileID: 0}
  m_ScaleInLightmap: 1
  m_PreserveUVs: 1
  m_IgnoreNormalsForChartDetection: 0
  m_ImportantGI: 0
  m_StitchLightmapSeams: 0
  m_SelectedEditorRenderState: 3
  m_MinimumChartSize: 4
  m_AutoUVMaxDistance: 0.5
  m_AutoUVMaxAngle: 89
  m_LightmapParameters: {fileID: 0}
  m_SortingLayerID: 0
  m_SortingLayer: 0
  m_SortingOrder: 0
--- !u!135 &657546976
SphereCollider:
  m_ObjectHideFlags: 0
  m_PrefabParentObject: {fileID: 0}
  m_PrefabInternal: {fileID: 0}
  m_GameObject: {fileID: 657546974}
  m_Material: {fileID: 0}
  m_IsTrigger: 0
  m_Enabled: 1
  serializedVersion: 2
  m_Radius: 0.5
  m_Center: {x: 0, y: 0, z: 0}
--- !u!33 &657546977
MeshFilter:
  m_ObjectHideFlags: 0
  m_PrefabParentObject: {fileID: 0}
  m_PrefabInternal: {fileID: 0}
  m_GameObject: {fileID: 657546974}
  m_Mesh: {fileID: 10207, guid: 0000000000000000e000000000000000, type: 0}
--- !u!4 &657546978
Transform:
  m_ObjectHideFlags: 0
  m_PrefabParentObject: {fileID: 0}
  m_PrefabInternal: {fileID: 0}
  m_GameObject: {fileID: 657546974}
  m_LocalRotation: {x: 0, y: 0, z: 0, w: 1}
  m_LocalPosition: {x: 0, y: 0, z: 0}
  m_LocalScale: {x: 1, y: 1, z: 1}
  m_Children:
  - {fileID: 1812757454}
  m_Father: {fileID: 0}
  m_RootOrder: 5
  m_LocalEulerAnglesHint: {x: 0, y: 0, z: 0}
--- !u!1 &821251247
GameObject:
  m_ObjectHideFlags: 0
  m_PrefabParentObject: {fileID: 0}
  m_PrefabInternal: {fileID: 0}
  serializedVersion: 5
  m_Component:
  - component: {fileID: 821251251}
  - component: {fileID: 821251250}
  m_Layer: 0
  m_Name: Moving Sphere
  m_TagString: Untagged
  m_Icon: {fileID: 0}
  m_NavMeshLayer: 0
  m_StaticEditorFlags: 0
  m_IsActive: 1
--- !u!114 &821251250
MonoBehaviour:
  m_ObjectHideFlags: 0
  m_PrefabParentObject: {fileID: 0}
  m_PrefabInternal: {fileID: 0}
  m_GameObject: {fileID: 821251247}
  m_Enabled: 1
  m_EditorHideFlags: 0
  m_Script: {fileID: 11500000, guid: f25643e34ae01164a8f29b940ea61ee3, type: 3}
  m_Name: 
  m_EditorClassIdentifier: 
  m_affected: {fileID: 821251251}
  m_minTimeChange: 0.1
  m_maxTimeChange: 1
  m_moveSpeed: 5
--- !u!4 &821251251
Transform:
  m_ObjectHideFlags: 0
  m_PrefabParentObject: {fileID: 0}
  m_PrefabInternal: {fileID: 0}
  m_GameObject: {fileID: 821251247}
  m_LocalRotation: {x: 0, y: 0, z: 0, w: 1}
  m_LocalPosition: {x: 75.60008, y: 108.79996, z: 0}
  m_LocalScale: {x: 1, y: 1, z: 1}
  m_Children:
  - {fileID: 1785562075}
  m_Father: {fileID: 0}
  m_RootOrder: 2
  m_LocalEulerAnglesHint: {x: 0, y: 0, z: 0}
--- !u!1 &1009056714
GameObject:
  m_ObjectHideFlags: 0
  m_PrefabParentObject: {fileID: 0}
  m_PrefabInternal: {fileID: 0}
  serializedVersion: 5
  m_Component:
  - component: {fileID: 1009056718}
  - component: {fileID: 1009056717}
  - component: {fileID: 1009056716}
  - component: {fileID: 1009056715}
  m_Layer: 0
  m_Name: Main Camera
  m_TagString: MainCamera
  m_Icon: {fileID: 0}
  m_NavMeshLayer: 0
  m_StaticEditorFlags: 0
  m_IsActive: 1
--- !u!81 &1009056715
AudioListener:
  m_ObjectHideFlags: 0
  m_PrefabParentObject: {fileID: 0}
  m_PrefabInternal: {fileID: 0}
  m_GameObject: {fileID: 1009056714}
  m_Enabled: 1
--- !u!124 &1009056716
Behaviour:
  m_ObjectHideFlags: 0
  m_PrefabParentObject: {fileID: 0}
  m_PrefabInternal: {fileID: 0}
  m_GameObject: {fileID: 1009056714}
  m_Enabled: 1
--- !u!20 &1009056717
Camera:
  m_ObjectHideFlags: 0
  m_PrefabParentObject: {fileID: 0}
  m_PrefabInternal: {fileID: 0}
  m_GameObject: {fileID: 1009056714}
  m_Enabled: 1
  serializedVersion: 2
  m_ClearFlags: 1
  m_BackGroundColor: {r: 0.19215687, g: 0.3019608, b: 0.4745098, a: 0}
  m_NormalizedViewPortRect:
    serializedVersion: 2
    x: 0
    y: 0
    width: 1
    height: 1
  near clip plane: 0.3
  far clip plane: 1000
  field of view: 60
  orthographic: 0
  orthographic size: 5
  m_Depth: -1
  m_CullingMask:
    serializedVersion: 2
    m_Bits: 4294967295
  m_RenderingPath: -1
  m_TargetTexture: {fileID: 0}
  m_TargetDisplay: 0
  m_TargetEye: 3
  m_HDR: 1
  m_AllowMSAA: 1
  m_AllowDynamicResolution: 0
  m_ForceIntoRT: 0
  m_OcclusionCulling: 1
  m_StereoConvergence: 10
  m_StereoSeparation: 0.022
--- !u!4 &1009056718
Transform:
  m_ObjectHideFlags: 0
  m_PrefabParentObject: {fileID: 0}
  m_PrefabInternal: {fileID: 0}
  m_GameObject: {fileID: 1009056714}
  m_LocalRotation: {x: 0, y: 0, z: 0, w: 1}
  m_LocalPosition: {x: 0, y: 1, z: -10}
  m_LocalScale: {x: 1, y: 1, z: 1}
  m_Children: []
  m_Father: {fileID: 0}
  m_RootOrder: 0
  m_LocalEulerAnglesHint: {x: 0, y: 0, z: 0}
--- !u!1 &1276620998
GameObject:
  m_ObjectHideFlags: 0
  m_PrefabParentObject: {fileID: 0}
  m_PrefabInternal: {fileID: 0}
  serializedVersion: 5
  m_Component:
  - component: {fileID: 1276621000}
  - component: {fileID: 1276620999}
  m_Layer: 0
  m_Name: Recording
  m_TagString: Untagged
  m_Icon: {fileID: 0}
  m_NavMeshLayer: 0
  m_StaticEditorFlags: 0
  m_IsActive: 0
--- !u!114 &1276620999
MonoBehaviour:
  m_ObjectHideFlags: 0
  m_PrefabParentObject: {fileID: 0}
  m_PrefabInternal: {fileID: 0}
  m_GameObject: {fileID: 1276620998}
  m_Enabled: 1
  m_EditorHideFlags: 0
  m_Script: {fileID: 11500000, guid: 10b13a25501a9f54597609d79d0b44cb, type: 3}
  m_Name: 
  m_EditorClassIdentifier: 
  m_target: {fileID: 821251251}
  m_recording: 1
  m_frameTime: 0.1
  m_framesRecord:
    m_name: SphereMove
    m_frames: []
--- !u!4 &1276621000
Transform:
  m_ObjectHideFlags: 0
  m_PrefabParentObject: {fileID: 0}
  m_PrefabInternal: {fileID: 0}
  m_GameObject: {fileID: 1276620998}
  m_LocalRotation: {x: -0, y: -0, z: -0, w: 1}
  m_LocalPosition: {x: 75.60008, y: 108.79996, z: 0}
  m_LocalScale: {x: 1, y: 1, z: 1}
  m_Children: []
  m_Father: {fileID: 0}
  m_RootOrder: 3
  m_LocalEulerAnglesHint: {x: 0, y: 0, z: 0}
--- !u!1 &1785562074
GameObject:
  m_ObjectHideFlags: 0
  m_PrefabParentObject: {fileID: 0}
  m_PrefabInternal: {fileID: 0}
  serializedVersion: 5
  m_Component:
  - component: {fileID: 1785562075}
  - component: {fileID: 1785562078}
  - component: {fileID: 1785562077}
  - component: {fileID: 1785562076}
  m_Layer: 0
  m_Name: Sphere
  m_TagString: Untagged
  m_Icon: {fileID: 0}
  m_NavMeshLayer: 0
  m_StaticEditorFlags: 0
  m_IsActive: 1
--- !u!4 &1785562075
Transform:
  m_ObjectHideFlags: 0
  m_PrefabParentObject: {fileID: 0}
  m_PrefabInternal: {fileID: 0}
  m_GameObject: {fileID: 1785562074}
  m_LocalRotation: {x: 0, y: 0, z: 0, w: 1}
  m_LocalPosition: {x: 0, y: 0, z: 0}
  m_LocalScale: {x: 1, y: 1, z: 1}
  m_Children: []
  m_Father: {fileID: 821251251}
  m_RootOrder: 0
  m_LocalEulerAnglesHint: {x: 0, y: 0, z: 0}
--- !u!23 &1785562076
MeshRenderer:
  m_ObjectHideFlags: 0
  m_PrefabParentObject: {fileID: 0}
  m_PrefabInternal: {fileID: 0}
  m_GameObject: {fileID: 1785562074}
  m_Enabled: 1
  m_CastShadows: 1
  m_ReceiveShadows: 1
  m_DynamicOccludee: 1
  m_MotionVectors: 1
  m_LightProbeUsage: 1
  m_ReflectionProbeUsage: 1
  m_Materials:
  - {fileID: 10303, guid: 0000000000000000f000000000000000, type: 0}
  m_StaticBatchInfo:
    firstSubMesh: 0
    subMeshCount: 0
  m_StaticBatchRoot: {fileID: 0}
  m_ProbeAnchor: {fileID: 0}
  m_LightProbeVolumeOverride: {fileID: 0}
  m_ScaleInLightmap: 1
  m_PreserveUVs: 1
  m_IgnoreNormalsForChartDetection: 0
  m_ImportantGI: 0
  m_StitchLightmapSeams: 0
  m_SelectedEditorRenderState: 3
  m_MinimumChartSize: 4
  m_AutoUVMaxDistance: 0.5
  m_AutoUVMaxAngle: 89
  m_LightmapParameters: {fileID: 0}
  m_SortingLayerID: 0
  m_SortingLayer: 0
  m_SortingOrder: 0
--- !u!135 &1785562077
SphereCollider:
  m_ObjectHideFlags: 0
  m_PrefabParentObject: {fileID: 0}
  m_PrefabInternal: {fileID: 0}
  m_GameObject: {fileID: 1785562074}
  m_Material: {fileID: 0}
  m_IsTrigger: 0
  m_Enabled: 1
  serializedVersion: 2
  m_Radius: 0.5
  m_Center: {x: 0, y: 0, z: 0}
--- !u!33 &1785562078
MeshFilter:
  m_ObjectHideFlags: 0
  m_PrefabParentObject: {fileID: 0}
  m_PrefabInternal: {fileID: 0}
  m_GameObject: {fileID: 1785562074}
  m_Mesh: {fileID: 10207, guid: 0000000000000000e000000000000000, type: 0}
--- !u!1 &1812757453
GameObject:
  m_ObjectHideFlags: 0
  m_PrefabParentObject: {fileID: 0}
  m_PrefabInternal: {fileID: 0}
  serializedVersion: 5
  m_Component:
  - component: {fileID: 1812757454}
  - component: {fileID: 1812757456}
  - component: {fileID: 1812757455}
  m_Layer: 0
  m_Name: Root
  m_TagString: Untagged
  m_Icon: {fileID: 0}
  m_NavMeshLayer: 0
  m_StaticEditorFlags: 0
  m_IsActive: 1
--- !u!4 &1812757454
Transform:
  m_ObjectHideFlags: 0
  m_PrefabParentObject: {fileID: 0}
  m_PrefabInternal: {fileID: 0}
  m_GameObject: {fileID: 1812757453}
  m_LocalRotation: {x: 0, y: 0, z: 0, w: 1}
  m_LocalPosition: {x: 0, y: 3.11, z: 0}
  m_LocalScale: {x: 1, y: 1, z: 1}
  m_Children:
  - {fileID: 2031887827}
  - {fileID: 635179901}
  m_Father: {fileID: 657546978}
  m_RootOrder: 0
  m_LocalEulerAnglesHint: {x: 0, y: 0, z: 0}
--- !u!114 &1812757455
MonoBehaviour:
  m_ObjectHideFlags: 0
  m_PrefabParentObject: {fileID: 0}
  m_PrefabInternal: {fileID: 0}
  m_GameObject: {fileID: 1812757453}
  m_Enabled: 1
  m_EditorHideFlags: 0
  m_Script: {fileID: 11500000, guid: 433baf9793aba9a43817e7da86e6d36b, type: 3}
  m_Name: 
  m_EditorClassIdentifier: 
  m_textAsset:
  - {fileID: 4900000, guid: 440487db12e0a2943bcc963cafeb9dae, type: 3}
  - {fileID: 4900000, guid: 01f3fecd58aedf948a4e5a69d9431923, type: 3}
  - {fileID: 4900000, guid: 8209684c666320f409a5803b7ed37c64, type: 3}
  m_index: 0
  m_indexType: 0
--- !u!114 &1812757456
MonoBehaviour:
  m_ObjectHideFlags: 0
  m_PrefabParentObject: {fileID: 0}
  m_PrefabInternal: {fileID: 0}
  m_GameObject: {fileID: 1812757453}
  m_Enabled: 1
  m_EditorHideFlags: 0
  m_Script: {fileID: 11500000, guid: c11517a3a8977cf4d83938765cacb39c, type: 3}
  m_Name: 
  m_EditorClassIdentifier: 
  m_affected: {fileID: 1812757454}
  m_framesRecord:
    m_name: Default
    m_frames: []
  m_onFinish:
    m_PersistentCalls:
      m_Calls: []
    m_TypeName: UnityEngine.Events.UnityEvent, UnityEngine.CoreModule, Version=0.0.0.0,
      Culture=neutral, PublicKeyToken=null
  m_isPlaying: 0
  m_time: 0
  m_jsonSave: {fileID: 0}
--- !u!1 &2031887826
GameObject:
  m_ObjectHideFlags: 0
  m_PrefabParentObject: {fileID: 0}
  m_PrefabInternal: {fileID: 0}
  serializedVersion: 5
  m_Component:
  - component: {fileID: 2031887827}
  - component: {fileID: 2031887830}
  - component: {fileID: 2031887829}
  - component: {fileID: 2031887828}
  m_Layer: 0
  m_Name: Cylinder
  m_TagString: Untagged
  m_Icon: {fileID: 0}
  m_NavMeshLayer: 0
  m_StaticEditorFlags: 0
  m_IsActive: 1
--- !u!4 &2031887827
Transform:
  m_ObjectHideFlags: 0
  m_PrefabParentObject: {fileID: 0}
  m_PrefabInternal: {fileID: 0}
  m_GameObject: {fileID: 2031887826}
  m_LocalRotation: {x: 0, y: 0, z: 0, w: 1}
  m_LocalPosition: {x: 0, y: 1.13, z: 0}
  m_LocalScale: {x: 0.02, y: 1.3, z: 0.02}
  m_Children: []
  m_Father: {fileID: 1812757454}
  m_RootOrder: 0
  m_LocalEulerAnglesHint: {x: 0, y: 0, z: 0}
--- !u!23 &2031887828
MeshRenderer:
  m_ObjectHideFlags: 0
  m_PrefabParentObject: {fileID: 0}
  m_PrefabInternal: {fileID: 0}
  m_GameObject: {fileID: 2031887826}
  m_Enabled: 1
  m_CastShadows: 1
  m_ReceiveShadows: 1
  m_DynamicOccludee: 1
  m_MotionVectors: 1
  m_LightProbeUsage: 1
  m_ReflectionProbeUsage: 1
  m_Materials:
  - {fileID: 10303, guid: 0000000000000000f000000000000000, type: 0}
  m_StaticBatchInfo:
    firstSubMesh: 0
    subMeshCount: 0
  m_StaticBatchRoot: {fileID: 0}
  m_ProbeAnchor: {fileID: 0}
  m_LightProbeVolumeOverride: {fileID: 0}
  m_ScaleInLightmap: 1
  m_PreserveUVs: 1
  m_IgnoreNormalsForChartDetection: 0
  m_ImportantGI: 0
  m_StitchLightmapSeams: 0
  m_SelectedEditorRenderState: 3
  m_MinimumChartSize: 4
  m_AutoUVMaxDistance: 0.5
  m_AutoUVMaxAngle: 89
  m_LightmapParameters: {fileID: 0}
  m_SortingLayerID: 0
  m_SortingLayer: 0
  m_SortingOrder: 0
--- !u!136 &2031887829
CapsuleCollider:
  m_ObjectHideFlags: 0
  m_PrefabParentObject: {fileID: 0}
  m_PrefabInternal: {fileID: 0}
  m_GameObject: {fileID: 2031887826}
  m_Material: {fileID: 0}
  m_IsTrigger: 0
  m_Enabled: 1
  m_Radius: 0.5
  m_Height: 2
  m_Direction: 1
  m_Center: {x: 0, y: 0, z: 0}
--- !u!33 &2031887830
MeshFilter:
  m_ObjectHideFlags: 0
  m_PrefabParentObject: {fileID: 0}
  m_PrefabInternal: {fileID: 0}
  m_GameObject: {fileID: 2031887826}
  m_Mesh: {fileID: 10206, guid: 0000000000000000e000000000000000, type: 0}
